% See IEEEtran/bibtex/IEEEtran_bst_HOWTO.pdf section VII, or IEEEtran/bibtex/IEEEexample.bib (last part)
@IEEEtranBSTCTL{rapport:BSTcontrol,
                  CTLdash_repeated_names = "no",
		  CTLname_url_prefix = "[Online]. Available:",
		  CTLuse_forced_etal       = "yes",
          CTLmax_names_forced_etal = "3",
          CTLnames_show_etal       = "2"
		  }