
@Electronic(haskell,
  author = {Wikipedia},
  title  = {Haskell},
  url    = {https://en.wikipedia.org/wiki/Haskell},
  note = {'Accessed 29 Mar. 2022'}
  )